% !TEX root = illustrator_submission.tex

%% Saved with string encoding Unicode (UTF-8) 

@book{PLRM,
 author = "{Adobe Systems}",
 title = {PostScript Language Reference Manual},
 year = {1985},
 isbn = {0201101742},
 edition = {\nth{1}},
 publisher = {Addison-Wesley Longman Publishing Co., Inc.},
 @address = {Boston, MA, USA},
} 

@book{Type1-Spec,
 author = "{Adobe Systems}",
 title = {Adobe Type 1 Font Format},
 year = {1992},
 isbn = {0201608545},
 edition = {\nth{2}},
 publisher = {Addison-Wesley Longman Publishing Co., Inc.},
 @address = {Boston, MA, USA},
} 

@book{DisplayPostScript,
 author = "{Adobe Systems}",
 year = {1993},
 title = {Display PostScript System--Introduction: Perspective for Software Developers},
 url = {\url{http://partners.adobe.com/public/developer/en/ps/sdk/DPS.refmanuals.INTRO.pdf}},
}

@book{SWF-File-Format,
 author = "{Adobe Systems}",
 year = {2008},
 @year = {2006-2008},
 title = {SWF File Format Specification, ver. 10},
}

@book{PDF-Spec,
 author = "{Adobe Systems}",
 year = {2008},
 title = {Document management--Portable document format--Part 1: PDF 1.7},
 note = {Also published as ISO 32000},
 url = {\url{http://www.adobe.com/content/dam/Adobe/en/devnet/acrobat/pdfs/PDF32000_2008.pdf}},
}

@misc{Kurt:1995:ieeestyle,
 author = {Akeley, Kurt and Foran, James},
 title = {Apparatus and method for controlling storage of display information in a computer system},
 year = {1995},
 @month = Feb,
 day = {28},
 number = {US 5394170},
 note = {US Patent 5,394,170},
 version = {},
 type = {Patent},
 nationality = {US},
 url = {http://www.patentlens.net/patentlens/patent/US_5394170/en/},
 filing_num = {07990750},
 yearfiled = {1992},
 monthfiled = {12},
 dayfiled = {15},
 pat_refs = {US 4425559 (Jan, 1984) Sherman 340/747; US 4491836 (Jan, 1985) Collmeyer et al. 340/747; US 4725831 (Feb, 1988) Coleman 340/747; US 4763119 (Aug, 1988) Matsubara et al. 340/747; US 4816814 (Mar, 1989) Lumelsky 340/747; US 4849745 (Jul, 1989) Satou 340/723; US 4906986 (Mar, 1990) Takeda 340/799; US 4943801 (Jul, 1990) Oguchi 340/723; US 4951232 (Aug, 1990) Hannah 364/522; US 4979130 (Dec, 1990) Li et al. 364/518; US 5031114 (Jul, 1991) Yamagami 364/518; US 5266941 (Nov, 1993) Akeley et al. 345/201},
 IPC_class = {G09G  116},
 US_class = {345/133; 345/189; 345/201},
 abstract = {A method and apparatus for controlling the storage of display information into a frame buffer is disclosed. A memory means is provided for storing information for controlling the storage of display information into the frame buffer where the memory means contains a plurality of locations each of which corresponds to and controls the storing of display information in one location of the frame buffer. A pass/fail ALU is coupled to the memory means to obtain a value for a particular pixel; this ALU provides a signal indicative of one of a first or second state which state indicates whether storage of display information to the frame buffer will occur. A first function is stored in a register, which function specifies the first signal. A first storage register and a second storage register store a second function and a third function respectively and provide a second value and a third respectively. The second value or third value is stored as a new value in the first memory for said first pixel location depending upon the state indicated by tile first signal. An application of the method and device of the invention includes a method for generating hollow polygons having an interior region and a perimeter in said frame buffer for display on said display device.},
}

@misc{TextureBarrier,
 author = {Jeff Bolz},
 title = "{\tt NV\_texture\_barrier} extension",
 year = {2009},
 note = {\\ \urlwofont{http://www.opengl.org/registry/specs/NV/texture_barrier.txt}},
}

@misc{FramebufferMixedSamples,
 author = {Jeff Bolz},
 title = "{\tt NV\_framebuffer\_mixed\_samples} extension",
 year = {2014},
 %note = {\\ \urlwofont{http://www.opengl.org/registry/specs/NV/framebuffer_mixed_samples.txt}},
}

@misc{TextureMultisample,
 author = {Jeff Bolz},
 title = "{\tt ARB\_texture\_multisample} extension",
 year = {2009},
 %note = {\\ \urlwofont{http://www.opengl.org/registry/specs/ARB/texture_multisample.txt}},
}

@misc{CopyImageSpec,
 author = {Michael Gold and Graham Sellers},
 title = "{\tt ARB\_copy\_image} extension",
 year = {2012},
 %note = {\\ \urlwofont{http://www.opengl.org/registry/specs/ARB/copy_image.txt}},
}

@misc{Cairo,
 author = {CairoGraphics.org},
 year = {2012},
 title = {Cairo: A Vector Graphics Library},
}

 % title ={Ars Magna or The Rules of Algebra, 1545},
 % editor ={T. Richard Witmer},
 % publisher ={MIT},
 % year = {1968},
@book{Cardano,
 author ={Girolamo Cardano},
 title ={Artis magnae sive de regulis algebraicis, liber unus},
 year = {1545},
}

@inproceedings{Chen:2011:THC:1950815.1950840,
 author = {Chen, Shuo-Hung and Lin, Hsiao-Mei and Hsieh, Ching-Chou and Huang, Chih-Tsun and Liou, Jing-Jia and Chung, Yeh-Ching},
 title = {TurboVG: a HW/SW co-designed multi-core openVG accelerator for vector graphics applications with embedded power profiler},
 booktitle = {Proceedings of the \nth{16} Asia and South Pacific Design Automation Conference},
 series = {ASPDAC '11},
 year = {2011},
 isbn = {978-1-4244-7516-2},
 location = {Yokohama, Japan},
 pages = {97--98},
 numpages = {2},
 url = {http://dl.acm.org/citation.cfm?id=1950815.1950840},
 acmid = {1950840},
 publisher = {IEEE Press},
 @address = {Piscataway, NJ, USA},
} 

@book{CSS-Spec,
 author = "{CSS Working Group}",
 editor = {Bos, B., et al. (editors)},
 year = {2011},
 title = {Cascading Style Sheets Level 2 Revision 1 (CSS 2.1) Specification, W3C Recommendation},
 url = {http://www.w3.org/TR/CSS21/fonts.html},
}

@book{XPS-Spec,
 author = "{ECMA International}",
 year = {2009},
 title = {Standard ECMA-388: Open XML Paper Specification},
 url = {http://www.ecma-international.org/publications/standards/Ecma-388.htm},
}

@inproceedings{625138,
 author={Fabris, A.E. and Silva, L. and Forrest, A.R.},
 booktitle={Proceedings of X Brazilian Symposium on Computer Graphics and Image Processing},
 title={An efficient filling algorithm for non-simple closed curves using the point containment paradigm},
 year={1997},
 month=Oct
 volume={},
 number={},
 pages={2 -9},
 keywords={complex geometries;filling algorithm;mathematically defined shape;non simple closed curves;point containment algorithms;point containment paradigm;point containment predicate;quadratic time complexity;raster graphics;self intersecting closed curves;computational geometry;curve fitting;},
 doi={10.1109/SIGRA.1997.625138},
 ISSN={},
}

@article{Farouki1990101,
 author = "R.T. Farouki and C.A. Neff",
 title = "Algebraic properties of plane offset curves",
 journal = "Computer Aided Geometric Design",
 volume = "7",
 @number = "1--4",
 pages = "101--127",
 year = "1990",
 note = "",
 issn = "0167-8396",
 doi = "10.1016/0167-8396(90)90024-L",
 url = "http://www.sciencedirect.com/science/article/pii/016783969090024L",
 keywords = "Offsets",
 keywords = "algebraic curves",
 keywords = "implicit equations",
 keywords = "singular points",
 keywords = "self-intersections"
}

@article{iMX35,
 author="{FreeScale, Multimedia Applications Division}",
 year = {2010},
 title = "{i.MX35} Accelerated {2D} Graphics: Optimizing {2D} Graphics with {OpenVG} and {i.MX35}, application note, doc. \# AN3975",
 url = {http://cache.freescale.com/files/dsp/doc/app_note/AN3975.pdf},
}

@book{NeWS-Book,
 author = {Gosling, James and Rosenthal, David S. H. and Arden, Michele J.},
 title = {The NeWS book: an introduction to the network/extensible window system},
 year = {1989},
 isbn = {0-387-96915-2},
 publisher = {Springer-Verlag},
 @address = {New York, NY, USA},
} 

@article{Hobby:1989:RCC:62044.62045,
 author = {Hobby, John D.},
 title = {Rasterizing curves of constant width},
 journal = {J. ACM},
 issue_date = {April 1989},
 volume = {36},
 number = {2},
 month = Apr,
 year = {1989},
 issn = {0004-5411},
 pages = {209--229},
 numpages = {21},
 url = {http://doi.acm.org/10.1145/62044.62045},
 doi = {10.1145/62044.62045},
 acmid = {62045},
 @publisher = {ACM},
 @address = {New York, NY, USA},
} 

@inproceedings{Huang:2006:IOR:1169227.1169771,
 author = {Huang, Ren and Chae, Soo-Ik},
 title = "Implementation of an {OpenVG} Rasterizer with Configurable Anti-Aliasing and Multi-Window Scissoring",
 booktitle = {Proceedings of the \nth{6} IEEE International Conference on Computer and Information Technology},
 series = {CIT '06},
 year = {2006},
 isbn = {0-7695-2687-X},
 pages = {179},
 url = {http://dx.doi.org/10.1109/CIT.2006.100},
 doi = {10.1109/CIT.2006.100},
 acmid = {1169771},
 publisher = {IEEE Computer Society},
 @address = {Washington, DC, USA},
} 

@article{Kallio,
 author = {Kiia Kallio},
 title = {Scanline edge-flag algorithm for antialiasing},
 year = {2007},
 booktitle = {EuroGraphics UK Theory and Practice of Computer Graphics},
}

@article{Direct2D,
  author = {Kenny Kerr},
  year = {2009},
  title = "{Introducing Direct2D}",
  journal = {MSDN Magazine},
  month = Jun,
  url = {http://msdn.microsoft.com/en-us/magazine/dd861344.aspx},
}

@misc{OpenVG-Spec,
 author = "{Khronos Group}",
 editor = {Rice. D., Simpson, R.},
 year = {2008},
 title = "{OpenVG} Specification Version 1.1",
 url = {http://www.khronos.org/registry/vg/specs/openvg-1.1.pdf},
}

@misc{NVpr,
 author = {Mark Kilgard},
 year = {2012},
 title = "{\tt NV\_path\_rendering} extension",
 %note = {\\ \urlwofont{http://www.opengl.org/registry/specs/NV/path\_rendering.txt} },
}

@article{4637621,
 author={Daewoong Kim and Kilhyung Cha and Soo-Ik Chae},
 journal={Consumer Electronics, IEEE Transactions on},
 title="A high-performance {OpenVG} accelerator with dual-scanline filling rendering",
 year={2008},
 month=Aug,
 volume={54},
 number={3},
 pages={1303 -1311},
 keywords={OpenVG rendering;dual-scanline filling rendering;high-performance OpenVG accelerator;memory accesses;memory bandwidth;application program interfaces;rendering (computer graphics);},
 doi={10.1109/TCE.2008.4637621},
 ISSN={0098-3063},
 url={http://ieeexplore.ieee.org/xpl/articleDetails.jsp?arnumber=4637621},
}

@article{KimAhn,
 author = {Kim, Y.S. and Ahn, Y.J.},
 year = {2009},
 title = {Explicit Error Bound for Quadratic Spline Approximation of Cubic Spline},
 journal = {Journal of the Korean Society for Industrial and Applied Mathematics},
 volume={13},
 number={4},
 pages={257--265},
 url={http://mathnet.kaist.ac.kr/mathnet/thesis_file/jksiam-v13n4p257.pdf},
}

@inproceedings{Kokojima:2006:RIR:1179849.1179997,
 author = {Kokojima, Yoshiyuki and Sugita, Kaoru and Saito, Takahiro and Takemoto, Takashi},
 title = {Resolution independent rendering of deformable vector objects using graphics hardware},
 booktitle = {ACM SIGGRAPH 2006 Sketches},
 series = {SIGGRAPH '06},
 year = {2006},
 isbn = {1-59593-364-6},
 location = {Boston, Massachusetts},
 articleno = {118},
 url = {http://doi.acm.org/10.1145/1179849.1179997},
 doi = {10.1145/1179849.1179997},
 acmid = {1179997},
 @publisher = {ACM},
 @address = {New York, NY, USA},
} 

@article{Lane:1983:AFR:357323.357326,
 author = {Lane, Jeffrey M. and Robert Magedson and Michael Rarick},
 title = {An Algorithm for Filling Regions on Graphics Display Devices},
 journal = {ACM Trans. Graph.},
 issue_date = {July 1983},
 volume = {2},
 number = {3},
 month = Jul,
 year = {1983},
 issn = {0730-0301},
 pages = {192--196},
 numpages = {5},
 url = {http://doi.acm.org/10.1145/357323.357326},
 doi = {10.1145/357323.357326},
 acmid = {357326},
 @publisher = {ACM},
 @address = {New York, NY, USA},
} 

@inproceedings{Loop:2005:RIC:1186822.1073303,
 author = {Loop, Charles and Blinn, Jim},
 title = {Resolution independent curve rendering using programmable graphics hardware},
 booktitle = {ACM SIGGRAPH 2005 Papers},
 series = {SIGGRAPH '05},
 year = {2005},
 location = {Los Angeles, California},
 pages = {1000--1009},
 numpages = {10},
 url = {http://doi.acm.org/10.1145/1186822.1073303},
 doi = {10.1145/1186822.1073303},
 acmid = {1073303},
 keywords = {curve rendering, graphics hardware algorithms, resolution independence, vector representations},
 @publisher = {ACM},
 @address = {New York, NY, USA},
} 

@inproceedings{Nehab:2008:RRG:1457515.1409088,
 author = {Nehab, Diego and Hoppe, Hugues},
 title = {Random-access rendering of general vector graphics},
 booktitle = {ACM SIGGRAPH Asia 2008 papers},
 series = {SIGGRAPH Asia '08},
 year = {2008},
 location = {Singapore},
 pages = {135:1--135:10},
 articleno = {135},
 numpages = {10},
 url = {http://doi.acm.org/10.1145/1457515.1409088},
 doi = {10.1145/1457515.1409088},
 acmid = {1409088},
 @publisher = {ACM},
 @address = {New York, NY, USA},
} 

@book{RedBook,
 author = {Neider, J. and Davis, Tom and Woo, Mason},
 year = {1993},
 title = "{OpenGL} Programming Guide, \nth{1} edition",
 note = {See "Drawing Filled, Concave Polygons Using the Stencil Buffer", 398--399},
}

@inproceedings{Glitz,
 author = {Nilsson, P. and Reveman, D.},
 year = {2004},
 title = "Glitz: hardware accelerated image compositing using {OpenGL}",
 booktitle = {Proceedings of the FREENIX Track: 2004 USENIX Annual Technical Conference},
 pages = {29--40},
 url={http://static.usenix.org/event/usenix04/tech/freenix/nilsson.html},
}

@inproceedings{Packard:2001:DIX:647054.715760,
 author = {Packard, Keith},
 title = "Design and Implementation of the {X Rendering Extension}",
 booktitle = {Proceedings of the FREENIX Track: 2001 USENIX Annual Technical Conference},
 year = {2001},
 isbn = {1-880446-10-3},
 pages = {213--224},
 numpages = {12},
 url = {http://dl.acm.org/citation.cfm?id=647054.715760},
 acmid = {715760},
 publisher = {USENIX Association},
 @address = {Berkeley, CA, USA},
} 

@unpublished{Rejected,
  author = {Packard, Keith and Worth, Carl},
  year = {2003},
  title = "A realistic {2D} drawing system",
  note = {A rejected {\em SIGGRAPH 2003} paper submission\hspace{1pt}\Frowny},
}

@inproceedings{Porter:1984:CDI:800031.808606,
 author = {Porter, Thomas and Duff, Tom},
 title = {Compositing digital images},
 booktitle = {Proceedings of the \nth{11} annual Conference on Computer Graphics and Interactive Techniques},
 series = {SIGGRAPH '84},
 year = {1984},
 isbn = {0-89791-138-5},
 pages = {253--259},
 numpages = {7},
 url = {http://doi.acm.org/10.1145/800031.808606},
 doi = {10.1145/800031.808606},
 acmid = {808606},
 @publisher = {ACM},
 @address = {New York, NY, USA},
 keywords = {Compositing, Graphics systems, Matte algebra, Matte channel, Visible surface algorithms},
} 

@phdthesis{QinThesis,
 author = {Qin, Z.},
 year = {2009},
 title = {Vector Graphics for Real-time Rendering},
 note = {University of Waterloo},
 url = {http://hdl.handle.net/10012/4262},
}

@article{Rueda:2008:TSG:1411846.1411922,
 author = {Rueda, A. J. and Ruiz de Miras, J. and Feito, F. R.},
 title = "{GPU-based} rendering of curved polygons using simplicial coverings",
 journal = {Computer Graphics},
 issue_date = {October, 2008},
 volume = {32},
 number = {5},
 month = Oct,
 year = {2008},
 issn = {0097-8493},
 pages = {581--588},
 numpages = {8},
 url = {http://dx.doi.org/10.1016/j.cag.2008.07.005},
 doi = {10.1016/j.cag.2008.07.005},
 acmid = {1411922},
 publisher = {Pergamon Press, Inc.},
 @address = {Elmsford, NY, USA},
 keywords = {B{\'e}zier curves, GPU programming, Rasterization algorithms},
} 

@inproceedings{Ruf:2011:IBR:2018323.2018346,
 author = {Ruf, Erik},
 title = {An inexpensive bounding representation for offsets of quadratic curves},
 booktitle = {Proceedings of the ACM SIGGRAPH Symposium on High Performance Graphics},
 series = {HPG '11},
 year = {2011},
 isbn = {978-1-4503-0896-0},
 location = {Vancouver, British Columbia, Canada},
 pages = {143--150},
 numpages = {8},
 url = {http://doi.acm.org/10.1145/2018323.2018346},
 doi = {10.1145/2018323.2018346},
 acmid = {2018346},
 @publisher = {ACM},
 @address = {New York, NY, USA},
 keywords = {acceleration, bounding technique, offset curve},
} 

@book{Salmon,
 author = {Salmon, G.},
 year = {1960},
 title = {A Treatise on Conic Sections},
 publisher = {Chelsea New York (reprint)},
 pages = {337},
}

@misc{SVG-Spec,
 author = "{SVG Working Group}",
 year = {2011},
 title = "{Scalable Vector Graphics (SVG) 1.1 (\nth{2} edition)}",
 url = {http://www.w3.org/TR/SVG/},
}

@misc{SVG-Compositing-Spec,
 author = "{SVG Working Group}",
 editor = {Grasso, A.},
 year = {2011},
 title = "{SVG} Compositing Specification",
 note = {W3C working draft March 15, 2011},
 url = {http://www.w3.org/TR/SVGCompositing/},
}

@inproceedings{Warnock:1982:DIG:800064.801297,
 author = {Warnock, John and Wyatt, Douglas K.},
 title = {A device independent graphics imaging model for use with raster devices},
 booktitle = {Proceedings of the \nth{9} Annual Conference on Computer Graphics and Interactive Techniques},
 series = {SIGGRAPH '82},
 year = {1982},
 isbn = {0-89791-076-1},
 location = {Boston, Massachusetts, United States},
 pages = {313--319},
 numpages = {7},
 url = {http://doi.acm.org/10.1145/800064.801297},
 doi = {10.1145/800064.801297},
 acmid = {801297},
 @publisher = {ACM},
 @address = {New York, NY, USA},
} 

@incollection{Canvas-Spec,
 author = "{Whatwg.org}",
 editor = {Hickson, I. (editor)},
 year = {2011},
 chapter = {The canvas element},
 title = {HTML Living Standard},
 url = {http://www.whatwg.org/specs/web-apps/current-work/multipage/the-canvas-element.html},
}

@article{KilgardBolz2012,
 author = {Kilgard, Mark J. and Bolz, Jeff},
 title = "{GPU-accelerated} Path Rendering",
 journal = {ACM Trans. Graph.},
 issue_date = {November 2012},
 volume = {31},
 number = {6},
 month = Nov,
 year = {2012},
 issn = {0730-0301},
 pages = {172:1--172:10},
 articleno = {172},
 numpages = {10},
 url = {http://doi.acm.org/10.1145/2366145.2366191},
 doi = {10.1145/2366145.2366191},
 acmid = {2366191},
 publisher = {ACM},
 address = {New York, NY, USA},
 keywords = {OpenGL, path rendering, stencil buffer, vector graphics},
} 

@inproceedings{5463071,
author={Murakami, T.},
booktitle={Broadband Multimedia Systems and Broadcasting (BMSB), 2010 IEEE International Symposium on},
title={Technical trends of next generation ultra high definition video-compression, transmission technologies and their standardizations},
year={2010},
month=Mar,
pages={1-34},
abstract={The following topics are dealt with: UHD video; video compression; and international standards.},
keywords={IEEE standards;data compression;high definition video;telecommunication standards;video coding;UHD video;international standards;next generation ultra high definition video;video compression;Compressed sensing;Electric variables measurement;Information analysis;Laboratories;Mathematical model;Mathematics;Signal analysis;Signal processing;Signal representations;Standardization},
doi={10.1109/ISBMSB.2010.5463071},}


@article{Fermi,
author={Wittenbrink, C.M. and Kilgariff, E. and Prabhu, A.},
journal={Micro, IEEE},
title="Fermi {GF100} {GPU} Architecture",
year={2011},
volume={31},
number={2},
pages={50-59},
abstract={The Fermi GF100 is a GPU architecture that provides several new capabilities beyond the Nvidia GT200 or Tesla architecture. The Fermi architecture offers up to 512 CUDA cores and special features for gaming and high-performance computing. This article describes the GPU's new capabilities for tessellation, physics processing, and computational graphics.},
keywords={computer architecture;computer graphic equipment;computer graphics;coprocessors;Fermi GF100 GPU architecture;Nvidia GT200;Tesla architecture;computational graphics;physics processing;tessellation;Computer architecture;Engines;Games;Geometry;Graphics;Graphics processing unit;Physics;Fermi GF100;GT200;Nvidia;Tesla;computational graphics;graphics processing unit;microarchitecture;physics;tessellation},
doi={10.1109/MM.2011.24},
ISSN={0272-1732},
%month=Mar,
}

@book{bah2009inkscape,
  title={Inkscape: Guide to a Vector Drawing Program (Digital Short Cut)},
  author={Bah, Tavmjong},
  year={2009},
  publisher={Pearson Education}
}

@book{kirsanov2009inkscape,
  added-at = {2012-10-10T12:38:43.000+0200},
  author = {Kirsanov, Dmitry},
  biburl = {http://www.bibsonomy.org/bibtex/2d559a438747a241503780659394b17af/antonkratz},
  interhash = {146da3078cdf50f2cdd33e9628f76db4},
  intrahash = {d559a438747a241503780659394b17af},
  isbn = {1593271816},
  keywords = {inkscape},
  publisher = {No Starch Press},
  refid = {649901438},
  timestamp = {2012-10-10T12:38:43.000+0200},
  title = "{The Book of Inkscape: The Definitive Guide to the Free Graphics Editor}",
  url = {http://www.books24x7.com/marc.asp?bookid=32912},
  year = 2009
  %address = {San Francisco},
}

@article{Sun:2007:IVU:1276377.1276391,
 author = {Sun, Jian and Liang, Lin and Wen, Fang and Shum, Heung-Yeung},
 title = {Image Vectorization Using Optimized Gradient Meshes},
 journal = {ACM Trans. Graph.},
 issue_date = {July 2007},
 volume = {26},
 number = {3},
 month = Jul,
 year = {2007},
 issn = {0730-0301},
 articleno = {11},
 url = {http://doi.acm.org/10.1145/1276377.1276391},
 doi = {10.1145/1276377.1276391},
 acmid = {1276391},
 publisher = {ACM},
 address = {New York, NY, USA},
} 

@article{Lai:2009:ATG:1531326.1531391,
 author = {Lai, Yu-Kun and Hu, Shi-Min and Martin, Ralph R.},
 title = {Automatic and Topology-preserving Gradient Mesh Generation for Image Vectorization},
 journal = {ACM Trans. Graph.},
 issue_date = {August 2009},
 volume = {28},
 number = {3},
 month = Jul,
 year = {2009},
 issn = {0730-0301},
 pages = {85:1--85:8},
 articleno = {85},
 numpages = {8},
 url = {http://doi.acm.org/10.1145/1531326.1531391},
 doi = {10.1145/1531326.1531391},
 acmid = {1531391},
 publisher = {ACM},
 address = {New York, NY, USA},
 keywords = {gradient mesh, image manifold, image vectorization, parameterization},
} 

@misc{TransparencyInPDF,
 author = "{Adobe Systems}",
 title = "{Transparency in PDF, Technical Note \#5407}",
 month = May,
 day = {30},
 year = {2000},
}

@inproceedings{Porter:1984:CDI:800031.808606,
 author = {Porter, Thomas and Duff, Tom},
 title = {Compositing digital images},
 booktitle = {Proceedings of the \nth{11} annual Conference on Computer Graphics and Interactive Techniques},
 series = {SIGGRAPH '84},
 year = {1984},
 isbn = {0-89791-138-5},
 pages = {253--259},
 numpages = {7},
 url = {http://doi.acm.org/10.1145/800031.808606},
 doi = {10.1145/800031.808606},
 acmid = {808606},
 @publisher = {ACM},
 @address = {New York, NY, USA},
 keywords = {Compositing, Graphics systems, Matte algebra, Matte channel, Visible surface algorithms},
} 

@article{Orzan:2013:DCV:2483852.2483873,
 author = {Orzan, Alexandrina and Bousseau, Adrien and Barla, Pascal and Winnem\"{o}ller, Holger and Thollot, Jo\"{e}lle and Salesin, David},
 title = {Diffusion Curves: A Vector Representation for Smooth-shaded Images},
 journal = {Commun. ACM},
 issue_date = {July 2013},
 volume = {56},
 number = {7},
 month = Jul,
 year = {2013},
 issn = {0001-0782},
 pages = {101--108},
 numpages = {8},
 url = {http://doi.acm.org/10.1145/2483852.2483873},
 doi = {10.1145/2483852.2483873},
 acmid = {2483873},
 publisher = {ACM},
 address = {New York, NY, USA},
} 

@article{Ilbery:2013:BDC:2508363.2508426,
 author = {Ilbery, Peter and Kendall, Luke and Concolato, Cyril and McCosker, Michael},
 title = {Biharmonic Diffusion Curve Images from Boundary Elements},
 journal = {ACM Trans. Graph.},
 issue_date = {November 2013},
 volume = {32},
 number = {6},
 month = Nov,
 year = {2013},
 issn = {0730-0301},
 pages = {219:1--219:12},
 articleno = {219},
 numpages = {12},
 url = {http://doi.acm.org/10.1145/2508363.2508426},
 doi = {10.1145/2508363.2508426},
 acmid = {2508426},
 publisher = {ACM},
 address = {New York, NY, USA},
 keywords = {boundary elements, diffusion curves, vector graphics},
} 

@article{Sun:2012:DCT:2185520.2185570,
 author = {Sun, Xin and Xie, Guofu and Dong, Yue and Lin, Stephen and Xu, Weiwei and Wang, Wencheng and Tong, Xin and Guo, Baining},
 title = {Diffusion Curve Textures for Resolution Independent Texture Mapping},
 journal = {ACM Trans. Graph.},
 issue_date = {July 2012},
 volume = {31},
 number = {4},
 month = Jul,
 year = {2012},
 issn = {0730-0301},
 pages = {74:1--74:9},
 articleno = {74},
 numpages = {9},
 url = {http://doi.acm.org/10.1145/2185520.2185570},
 doi = {10.1145/2185520.2185570},
 acmid = {2185570},
 publisher = {ACM},
 address = {New York, NY, USA},
 keywords = {diffusion curves, texture mapping and rendering, vector images},
} 

@book{HiddenPowerOfBlendModes,
 author = {Scott Valentine},
 year = {2012},
 title = {The Hidden Power of Blend Modes in Adobe Photoshop},
 publisher = {Adobe Press},
 pages = {224},
}

@book{CorelDRAWbook,
 author = {Gary David Bouton},
 year = {2012},
 title = {CorelDRAW X6 The Official Guide},
 publisher = {McGraw-Hill Osborne Media},
 pages = {864},
}

@inproceedings{Nehab:2008:RRG:1457515.1409088,
 author = {Nehab, Diego and Hoppe, Hugues},
 title = {Random-access rendering of general vector graphics},
 booktitle = {ACM SIGGRAPH Asia 2008 papers},
 series = {SIGGRAPH Asia '08},
 year = {2008},
 location = {Singapore},
 pages = {135:1--135:10},
 articleno = {135},
 numpages = {10},
 url = {http://doi.acm.org/10.1145/1457515.1409088},
 doi = {10.1145/1457515.1409088},
 acmid = {1409088},
 @publisher = {ACM},
 @address = {New York, NY, USA},
} 

@phdthesis{QinThesis,
 author = {Qin, Z.},
 year = {2009},
 title = {Vector Graphics for Real-time Rendering},
 note = {University of Waterloo},
 url = {http://hdl.handle.net/10012/4262},
}

@MastersThesis{Leben:Thesis:2010,
    author     =     {Ivan Leben},
    title     =     {{Random Access Rendering of Animated Vector Graphics Using GPU}},
    school     =     {RMIT University},
    address     =     {Melbourne, Australia},
    year     =     {2010},
	month        = Oct,
howpublished = "\url{https://github.com/ileben/HonoursThesis/blob/master/Thesis.pdf?raw=true}",
  abstract = {Efficient random access to image data allows texture mapping of images onto curved surfaces 
to be accelerated by the GPU. This property has traditionally been associated with raster images, 
whereas a typical vector image representation cannot be efficiently interpreted at an arbitrary point 
by the established graphics pipeline. Recent research has allowed texture mapping of vector images by taking advantage of the programmable stages of the GPU. However, the new rendering approach introduces an expensive preprocessing step running on the CPU. In this thesis we investigate techniques to fully accelerate vector image rendering and texture mapping on the GPU, 
including the preprocessing steps. We present an alternative localised vector image representation and an efficient parallel encoding algorithm, achieving significant performance improvements compared to a sequential CPU implementation and allowing random access rendering of animated vector images, where continuous preprocessing is required.}
    }

@TECHREPORT{CoonsPaper,
 author = "Steven A. Coons",
 title = "{Surfaces for Computer-aided Design of Space Forms}",
 number = "{MIT/LCS/TR-41}",
 institution     =     {MIT},
 month = May,
 year = {1967},
 pages = {114},
}

@misc{INTELfsoSpec,
author = "Slawomir Grajewski",
 title = "{\tt INTEL\_fragment\_shader\_ordering} extension",
 institution     =     {Khronos},
 year = {2013},
 %note = {\\ \urlwofont{http://www.opengl.org/registry/specs/INTEL/fragment\_shader\_ordering.txt}},
 url = {http://www.opengl.org/registry/specs/INTEL/fragment_shader_ordering.txt},
}

@misc{NVfsiSpec,
author = "Pat Brown",
 title = "{\tt NV\_fragment\_shader\_interlock} extension",
 institution     =     {Khronos},
 year = {2014},
 %note = {\\ \urlwofont{http://www.opengl.org/registry/specs/NV/fragment\_shader\_interlock.txt}},
 url = {http://www.opengl.org/registry/specs/NV/fragment_shader_interlock.txt},
}

@misc{NVbeaSpec,
author = "Pat Brown",
 title = "{\tt NV\_blend\_equation\_advanced} extension",
 institution     =     {Khronos},
 year = {2013},
 %note = {\\ \urlwofont{http://www.opengl.org/registry/specs/NV/blend_equation_advanced.txt}},
 url = {http://www.opengl.org/registry/specs/NV/blend_equation_advanced.txt},
}

@misc{KHRbeaSpec,
author = "Pat Brown",
 title = "{\tt KHR\_blend\_equation\_advanced} extension",
 institution     =     {Khronos},
 year = {2014},
 %note = {\\ \urlwofont{http://www.khronos.org/registry/gles/extensions/KHR/blend_equation_advanced.txt},
 url = {http://www.khronos.org/registry/gles/extensions/KHR/blend_equation_advanced.txt},
}
  
@article{Maharik:2011:DM:2010324.1964995,
 author = {Maharik, Ron and Bessmeltsev, Mikhail and Sheffer, Alla and Shamir, Ariel and Carr, Nathan},
 title = {Digital Micrography},
 journal = {ACM Trans. Graph.},
 issue_date = {July 2011},
 volume = {30},
 number = {4},
 month = Jul,
 year = {2011},
 issn = {0730-0301},
 pages = {100:1--100:12},
 articleno = {100},
 numpages = {12},
 url = {http://doi.acm.org/10.1145/2010324.1964995},
 doi = {10.1145/2010324.1964995},
 acmid = {1964995},
 publisher = {ACM},
 address = {New York, NY, USA},
 keywords = {calligraphy, digital typography, micrography},
} 

@misc{Andronikos2013,
author = "Nikos Andronikos",
title = "What's so cool about diffusion curves",
 institution     =     {Canon Information Systems Research Australia},
 publisher = "The Graphical Web Conference",
 journal = "The Graphical Web Conference",
 year = "2013",
 %month = Oct,
}

@inproceedings{Frisken:2006:DDF:1185657.1185675,
 author = {Frisken, Sarah F. and Perry, Ronald N.},
 title = {Designing with Distance Fields},
 booktitle = {ACM SIGGRAPH 2006 Courses},
 series = {SIGGRAPH '06},
 year = {2006},
 isbn = {1-59593-364-6},
 location = {Boston, Massachusetts},
 pages = {60--66},
 numpages = {7},
 url = {http://doi.acm.org/10.1145/1185657.1185675},
 doi = {10.1145/1185657.1185675},
 acmid = {1185675},
 publisher = {ACM},
 address = {New York, NY, USA},
} 

@misc{MischiefWebPage,
 author = "{61 Solutions Inc.}",
 title = "{Mischief {\textbar} Sketching \& Drawing \& Painting Software}",
 year = {2013},
 url = {http://madewithmischief.com/},
 note = {\urlwofont{http://madewithmischief.com/}},
}

@book{GL44spec,
  title = "{The OpenGL Graphics System: A Specification}",
  author = "{Khronos Group}",
  editor = {Jon Leech},
  year = 2014,
  edition = "{Version 4.4 (Compatibility Profile)}",
  url = {https://www.opengl.org/registry/doc/glspec44.compatibility.pdf}
}

@TECHREPORT{PreMultAlpha,
 author = "Alvy Ray Smith",
 title = "{Image Compositing Fundamentals}",
 number = "{Technical Memo 4}",
 institution     =     {Microsoft},
 month = Aug,
 year = {1995},
 pages = {8},
}

@article{schaefer2014star,
author = {Henry Sch\"afer and Matthias Nie{\ss}ner and Benjamin Keinert and Marc Stamminger and Charles Loop},
title = {State of the Art Report on Real-time Rendering with Hardware Tessellation},
publisher = {EG},
year = {2014}
} 

@article{GanEtAl14,
  title = {Massively-Parallel Vector Graphics},
  author = {Ganacim, F. and Lima, R. S. and de Figueiredo, L. H. and Nehab, D.},
  journal = {ACM Transactions on Graphics (Proceedings of the ACM SIGGRAPH Asia 2014)},
  year = {2014},
  volume = {36},
  number = {6},
  pages = {229},
}

@article{Ganacim:2014:MVG:2661229.2661274,
 author = {Ganacim, Francisco and Lima, Rodolfo S. and de Figueiredo, Luiz Henrique and Nehab, Diego},
 title = {Massively-parallel Vector Graphics},
 journal = {ACM Trans. Graph.},
 issue_date = {November 2014},
 volume = {33},
 number = {6},
 month = nov,
 year = {2014},
 issn = {0730-0301},
 pages = {229:1--229:14},
 articleno = {229},
 numpages = {14},
 url = {http://doi.acm.org/10.1145/2661229.2661274},
 doi = {10.1145/2661229.2661274},
 acmid = {2661274},
 publisher = {ACM},
 address = {New York, NY, USA},
 keywords = {parallel processing, rendering, vector graphics},
} 

@MISC{Randrianarivony04necessaryand,
    author = {Maharavo Randrianarivony and Guido Brunnett},
    title = {Necessary and sufficient conditions for the regularity of a planar Coons map},
    doi={10.1.1.2.7207},
    year = {2004}
}

@book{Foley:1990:CGP:83821,
 author = {Foley, James D. and van Dam, Andries and Feiner, Steven K. and Hughes, John F.},
 title = {Computer Graphics: Principles and Practice (2nd Ed.)},
 year = {1990},
 isbn = {0-201-12110-7},
 publisher = {Addison-Wesley Longman Publishing Co., Inc.},
 address = {Boston, MA, USA},
} 

@MISC{TurnerFreeType2,
    author = {David Turner},
 title = {How FreeType's rasterizer work [sic]},
 year = {2007},
 month=Feb,
 day = {1},
 url = {\url{http://git.savannah.gnu.org/cgit/freetype/freetype2.git/tree/docs/raster.txt}},
 note = {\urlwofont{http://git.savannah.gnu.org/cgit/freetype/freetype2.git/tree/docs/raster.txt}},
}

@article{Sun:2007:IVU:1276377.1276391,
 author = {Sun, Jian and Liang, Lin and Wen, Fang and Shum, Heung-Yeung},
 title = {Image Vectorization Using Optimized Gradient Meshes},
 journal = {ACM Trans. Graph.},
 issue_date = {July 2007},
 volume = {26},
 number = {3},
 month = jul,
 year = {2007},
 issn = {0730-0301},
 articleno = {11},
 url = {http://doi.acm.org/10.1145/1276377.1276391},
 doi = {10.1145/1276377.1276391},
 acmid = {1276391},
 publisher = {ACM},
 address = {New York, NY, USA},
} 

